<?xml version="1.0" encoding="UTF-8"?><collection><record><leader>05036ntm a2200601 a 4500</leader><controlfield tag="001">006818238</controlfield><controlfield tag="003">MiAaHDL</controlfield><controlfield tag="005">20190719000000.0</controlfield><controlfield tag="006">m        d        </controlfield><controlfield tag="007">cr bn ---auaua</controlfield><controlfield tag="008">090612q18401860xx            00| ||per d</controlfield><datafield tag="035" ind1=" " ind2=" "><subfield code="a">(MiU)006818238</subfield></datafield><datafield tag="035" ind1=" " ind2=" "><subfield code="a">sdr-miu006818238</subfield></datafield><datafield tag="040" ind1=" " ind2=" "><subfield code="a">MiU</subfield><subfield code="c">MiU</subfield><subfield code="e">amremm</subfield></datafield><datafield tag="041" ind1="0" ind2=" "><subfield code="a">per</subfield></datafield><datafield tag="043" ind1=" " ind2=" "><subfield code="a">n-us-mi</subfield></datafield><datafield tag="245" ind1="0" ind2="0"><subfield code="6">880-03</subfield><subfield code="a">[Kitāb-i Raml-i Dāniyāl al-nabī ... etc.,</subfield><subfield code="f">mid 19th century?].</subfield></datafield><datafield tag="246" ind1="3" ind2="0"><subfield code="6">880-04</subfield><subfield code="a">Raml-i Dāniyāl al-nabī</subfield></datafield><datafield tag="260" ind1=" " ind2=" "><subfield code="c">[1840-1860?].</subfield></datafield><datafield tag="300" ind1=" " ind2=" "><subfield code="a">121 leaves :</subfield><subfield code="b">paper ;</subfield><subfield code="c">205 x 147 (145 x 85) mm. bound to 210 x 147 mm.</subfield></datafield><datafield tag="500" ind1=" " ind2=" "><subfield code="a">Shelfmark: Ann Arbor, University of Michigan, Special Collections Library, Isl. Ms. 832</subfield></datafield><datafield tag="500" ind1=" " ind2=" "><subfield code="a">Origin: Lacks dated colophon ; paper, etc. would suggest mid-19th century.</subfield></datafield><datafield tag="500" ind1=" " ind2=" "><subfield code="a">Accompanying materials: a. Slip with notes between pp.118-119 -- b. Small slip with calculations between pp.166-167 -- c. Slip with lines (geomantic figures) and values between pp.176-177.</subfield></datafield><datafield tag="500" ind1=" " ind2=" "><subfield code="a">Binding: Pasteboards covered in dark brown leather ; Type III binding (without flap) ; doublures in orange paper ; upper and lower covers carry blind-tooled border in a series of s-shaped stamps ; sewn in cream thread, two stations, many threads broken ; worked endbands in yellow and cream, virtually gone, only trace of headband remains ; overall in poor condition with much abrasion, staining, lifting and losses of spine leather, fully detached at spine, etc. ; housed in box for protection.</subfield></datafield><datafield tag="500" ind1=" " ind2=" "><subfield code="a">Support: European laid paper of several types ; one type with 11 laid lines per cm. (vertical), chain lines spaced 26 mm. apart (horizontal), and watermark of elaborate scrollwork (see p.8, 9, etc.) ; another type with laid lines in a mesh or crosshatch pattern, chain lines spaced 25-26 mm. apart (horizontal) and watermark of "LAVARENNA" (see p.52, 63, 104) ; another type with laid lines in a mesh or crosshatch pattern, chain lines spaced 26 mm. apart (horizontal) and watermarks of scrollwork with balance / scales (see p.230, etc.) and "CARLO GIUSTI" (see p.233, etc.) ; all medium to dark cream, fairly sturdy, and well-burnished.</subfield></datafield><datafield tag="500" ind1=" " ind2=" "><subfield code="a">Decoration: Keywords, headings and symbols rubricated ; numerous tables and diagrams in black and red (including figure on p.108).</subfield></datafield><datafield tag="500" ind1=" " ind2=" "><subfield code="a">Script: Shikastah (shikastah-nastaʻlīq / شكسته نستعليق ) ; elegant hand ; partially but irregularly seriffed with effect of words descending to baseline, closed counters, elongated horizontal strokes, pointing inconsistent though typically in distinct dots ; Arabic text (excerpts and text of figures, etc.) in a fine Persianate naskh.</subfield></datafield><datafield tag="500" ind1=" " ind2=" "><subfield code="a">Layout: Written in 16 and 17 lines per page (as well 32 additional lines on the diagonal in the margins of the final section) ; frame-ruled.</subfield></datafield><datafield tag="500" ind1=" " ind2=" "><subfield code="a">Collation: 14 IV(112), IV+1 (121) ; exclusively quaternions ; catchwords present ; pagination in pencil, Western numerals, supplied during digitization (includes front flyleaf).</subfield></datafield><datafield tag="500" ind1=" " ind2=" "><subfield code="a">Incipit: "الحمد لله رب العالمين والصلوة والسلام على على خير خلقه محمد وآله اجمعين اما بعد منضور اين رساله اين بود كه پوشیده ..."</subfield></datafield><datafield tag="500" ind1=" " ind2=" "><subfield code="a">Title from rubricated heading at opening on p.4.</subfield></datafield><datafield tag="500" ind1=" " ind2=" "><subfield code="a">Ms. codex.</subfield></datafield><datafield tag="505" ind1="0" ind2=" "><subfield code="a">5. p.177-p.242 : [treatise on the same topic opening with "Faṣl dar bayān-i taskīnāt-i ashkāl-i raml..."].</subfield></datafield><datafield tag="505" ind1="0" ind2=" "><subfield code="a">4. p.161-p.176 : [divination tables].</subfield></datafield><datafield tag="505" ind1="0" ind2=" "><subfield code="a">3. p.154-p.160 : [blank].</subfield></datafield><datafield tag="505" ind1="0" ind2=" "><subfield code="a">2. p.55-p.153 : Hāẕā Kitāb-i Raml-i Dāniyāl-i payghambar.</subfield></datafield><datafield tag="505" ind1="0" ind2=" "><subfield code="a">1. p.4-p.55 : Kitāb-i Raml-i Dāniyāl al-nabī.</subfield></datafield><datafield tag="520" ind1="8" ind2=" "><subfield code="a">Elegant copy of collection of treatises on geomancy (ʻilm al-raml or khaṭṭ bi-raml) with numerous diagrams.</subfield></datafield><datafield tag="538" ind1=" " ind2=" "><subfield code="a">Mode of access: Internet.</subfield></datafield><datafield tag="541" ind1=" " ind2=" "><subfield code="a">Purchased in Cairo, 1933/34.</subfield></datafield><datafield tag="546" ind1=" " ind2=" "><subfield code="a">Persian.</subfield></datafield><datafield tag="561" ind1=" " ind2=" "><subfield code="a">Ownership statement on opening leaf (p.1) dated 1226 [or 1336 ?] [i.e. 1811 or 12 or 1917 or 18] ; "Turkish MS in astronomy" in pencil on opening leaf (p.1) ; fairly clean copy.</subfield></datafield><datafield tag="650" ind1=" " ind2="0"><subfield code="a">Manuscripts, Persian</subfield><subfield code="z">Michigan</subfield><subfield code="z">Ann Arbor.</subfield></datafield><datafield tag="650" ind1=" " ind2="0"><subfield code="a">Astrology</subfield><subfield code="v">Early works to 1800.</subfield></datafield><datafield tag="650" ind1=" " ind2="0"><subfield code="a">Divination</subfield><subfield code="v">Early works to 1800.</subfield></datafield><datafield tag="650" ind1=" " ind2="0"><subfield code="a">Geomancy</subfield><subfield code="v">Early works to 1800.</subfield></datafield><datafield tag="740" ind1="0" ind2="2"><subfield code="6">880-06</subfield><subfield code="a">Faṣl dar bayān-i taskīnāt-i ashkāl-i raml</subfield></datafield><datafield tag="740" ind1="0" ind2="2"><subfield code="6">880-05</subfield><subfield code="a">Hāẕā Kitāb-i Raml-i Dāniyāl-i payghambar</subfield></datafield><datafield tag="773" ind1="0" ind2=" "><subfield code="a">Tracy W. McGregor Collection of Arabic, Persian, and Turkish Mathematical and Astronomical Manuscripts.</subfield></datafield><datafield tag="880" ind1="0" ind2="2"><subfield code="6">740-06/</subfield><subfield code="a">فصل در بيان تسكينات اشكال رمل</subfield></datafield><datafield tag="880" ind1="0" ind2="2"><subfield code="6">740-05/</subfield><subfield code="a">هذا كتاب رمل دانيال پیغمبر</subfield></datafield><datafield tag="880" ind1="3" ind2="0"><subfield code="6">246-04/</subfield><subfield code="a">رمل دانيال النبى</subfield></datafield><datafield tag="880" ind1="0" ind2="0"><subfield code="6">245-03/</subfield><subfield code="a">[كتاب رمل دانيال النبى ... الخ,</subfield><subfield code="f">اواسط قرن 19م؟].</subfield></datafield><datafield tag="CID" ind1=" " ind2=" "><subfield code="a">006818238</subfield></datafield><datafield tag="DAT" ind1="0" ind2=" "><subfield code="a">20190719102639.0</subfield><subfield code="b">20190719000000.0</subfield></datafield><datafield tag="DAT" ind1="1" ind2=" "><subfield code="a">20190719090653.0</subfield><subfield code="b">2019-07-19T16:10:27Z</subfield></datafield><datafield tag="DAT" ind1="2" ind2=" "><subfield code="a">2015-10-02T18:00:03Z</subfield></datafield><datafield tag="CAT" ind1=" " ind2=" "><subfield code="a">SDR-MIU</subfield><subfield code="d">EX LIBRIS - ALEPH</subfield><subfield code="l">prepare.pl-004-008</subfield></datafield><datafield tag="FMT" ind1=" " ind2=" "><subfield code="a">BK</subfield></datafield><datafield tag="HOL" ind1=" " ind2=" "><subfield code="0">sdr-miu006818238</subfield><subfield code="a">MiU</subfield><subfield code="b">SDR</subfield><subfield code="c">MIU</subfield><subfield code="p">mdp.39015079129881</subfield><subfield code="s">MIU</subfield><subfield code="1">006818238</subfield></datafield><datafield tag="974" ind1=" " ind2=" "><subfield code="b">MIU</subfield><subfield code="c">MIU</subfield><subfield code="d">20190719</subfield><subfield code="s">lit-dlps-dc</subfield><subfield code="u">mdp.39015079129881</subfield><subfield code="y">1860</subfield><subfield code="r">pd</subfield><subfield code="q">bib</subfield><subfield code="t">non-US bib date2 &lt; 1879</subfield></datafield></record></collection>